<record><leader>00000cas a2200000 a 4500</leader><controlfield tag="001">12406954</controlfield><controlfield tag="008">850821d18881893ksuwr ne      0    0eng d</controlfield><datafield ind1=" " ind2=" " tag="010"><subfield code="a">sn 85031798 </subfield></datafield><datafield ind1=" " ind2=" " tag="040"><subfield code="a">KSH</subfield><subfield code="b">eng</subfield><subfield code="c">KSH</subfield><subfield code="d">NPT</subfield><subfield code="d">OCL</subfield><subfield code="d">OCLCQ</subfield></datafield><datafield ind1=" " ind2=" " tag="042"><subfield code="a">msc</subfield></datafield><datafield ind1="0" ind2="4" tag="245"><subfield code="a">The Lyons tribune.</subfield></datafield><datafield ind1=" " ind2=" " tag="260"><subfield code="a">Lyons, Kan. :</subfield><subfield code="b">W.J.A. Montgomery,</subfield><subfield code="c">1888-1893.</subfield></datafield><datafield ind1=" " ind2=" " tag="300"><subfield code="a">6 v. ;</subfield><subfield code="c">54 cm.</subfield></datafield><datafield ind1=" " ind2=" " tag="310"><subfield code="a">Weekly</subfield></datafield><datafield ind1="0" ind2=" " tag="362"><subfield code="a">Vol. 1, no. 42 (Sept. 13, 1888)-v. 6, no. 42 (Aug. 31, 1893).</subfield></datafield><datafield ind1=" " ind2=" " tag="500"><subfield code="a">"Democratic."</subfield></datafield><datafield ind1=" " ind2=" " tag="752"><subfield code="a">United States</subfield><subfield code="b">Kansas</subfield><subfield code="c">Rice</subfield><subfield code="d">Lyons.</subfield></datafield><datafield ind1="0" ind2="0" tag="780"><subfield code="t">Soldier's tribune</subfield><subfield code="w">(DLC)sn 85031797</subfield></datafield><datafield ind1="0" ind2="4" tag="785"><subfield code="t">Lyons republican (Lyons, Kan.)</subfield><subfield code="w">(DLC)sn 85031808</subfield></datafield><datafield ind1="1" ind2=" " tag="029"><subfield code="a">AU@</subfield><subfield code="b">000022173247</subfield></datafield></record>